<record><leader>00000cas a22000007a 4500</leader><controlfield tag="001">17409674</controlfield><controlfield tag="008">880129d18921903iaucr ne      0    0eng d</controlfield><datafield ind1=" " ind2=" " tag="010"><subfield code="a">sn 88059476 </subfield></datafield><datafield ind1=" " ind2=" " tag="040"><subfield code="a">INP</subfield><subfield code="b">eng</subfield><subfield code="c">INP</subfield><subfield code="d">OCLCQ</subfield></datafield><datafield ind1=" " ind2=" " tag="042"><subfield code="a">msc</subfield></datafield><datafield ind1="0" ind2=" " tag="130"><subfield code="a">Cherokee herald (Cherokee, Iowa)</subfield></datafield><datafield ind1="1" ind2="4" tag="245"><subfield code="a">The Cherokee herald.</subfield></datafield><datafield ind1=" " ind2=" " tag="260"><subfield code="a">Cherokee, Iowa :</subfield><subfield code="b">J.S. Crawford</subfield></datafield><datafield ind1=" " ind2=" " tag="300"><subfield code="a">v.</subfield></datafield><datafield ind1=" " ind2=" " tag="310"><subfield code="a">Semiweekly,</subfield><subfield code="b">&lt;July 31-Dec. 29, 1902&gt;</subfield></datafield><datafield ind1=" " ind2=" " tag="321"><subfield code="a">Weekly,</subfield><subfield code="b">&lt;Jan. 5, 1900-July 2, 1902&gt;</subfield></datafield><datafield ind1="1" ind2=" " tag="362"><subfield code="a">Issued 1892-Jan. 1903.</subfield></datafield><datafield ind1=" " ind2=" " tag="588"><subfield code="a">Description based on: Vol. 9, no. 4 (Jan. 5, 1900).</subfield></datafield><datafield ind1=" " ind2=" " tag="752"><subfield code="a">United States</subfield><subfield code="b">Iowa</subfield><subfield code="c">Cherokee</subfield><subfield code="d">Cherokee.</subfield></datafield><datafield ind1="0" ind2="7" tag="785"><subfield code="t">Cherokee times (Cherokee, Iowa : 1902)</subfield><subfield code="w">(DLC)sn 88059475</subfield></datafield><datafield ind1="0" ind2="7" tag="785"><subfield code="t">Cherokee times-herald</subfield><subfield code="w">(DLC)sn 87058523</subfield></datafield></record>